@online{IoMTexp,
author = {Elsevier BV on behalf of Faculty of Engineering, Alexandria University},
title = {The internet of things healthcare monitoring system based on MQTT protocol},
url = {https://www.sciencedirect.com/science/article/pii/S1110016823000881},
year = {2024},
urldate = {2025-05-08},
}

@misc{mqttfig,
  author = {Fatemeh Ghorbani, Mohammad Kia, Mehdi Delrobaei},
  title  = {Evaluating the Possibility of Integrating AugmentedReality and Internet of Things Technologies to HelpPatients with Alzheimer’s Disease},
  url    = {https://www.researchgate.net/figure/MQTT-protocol-operation-in-AAL-system_fig1_339906098},
  year   = {2024},
  note   = {Figura adaptada i modificada amb IA},
  accessed = {2025-05-08},
}

@online{Mosquittoexp,
author = {Eclipse Foundation},
title = {Mosquitto MQTT Broker Documentation},
url = {https://mosquitto.org/documentation/},
year = {2024},
urldate = {2025-05-08},
}

@online{dockerexp,
author = {Newtowk Chuck},
title = {Docker Tutorials - NetworkChuck},
url = {https://www.youtube.com/watchv=eGz9DSaIeY&list=PLIhvC56v63IJlnU4k60d0oFIrsbXEivQo&index=2},
year = {2020},
urldate = {2025-05-09},
}

@online{wtfexp,
author = {TCPDump Developers},
title = {TCPDump: Manual and Documentation},
url = {https://www.tcpdump.org/},
year = {2023},
urldate = {2025-05-08},
}

@online{Nmapexp,
author = {Nmap Project},
title = {Nmap Reference Guide},
url = {https://nmap.org/book/man.html#man-description/},
year = {2024},
urldate = {2025-05-08},
}

@online{kaliexp,
author = {Offensive Security},
title = {Kali Linux Documentation},
url = {https://www.kali.org/docs/introduction/what-is-kali-linux/},
year = {2024},
urldate = {2025-05-11},
}

@article{miottaupcfig,
author    = {Josep Pegueroles Valles},
title     = {MIoTTA-UPC: Testbed MIoT Configurable para la Evaluacion de Algoritmos de Detección de Ciberataques Basados en Inteligencia Artificial},
journal   = {The Bell System Technical Journal},
volume    = {27},
number    = {3},
pages     = {379--423},
year      = {1948},
doi       = {10.1002/j.1538-7305.1948.tb01338.x},
}

@online{dockerfig,
author = {Daniel Echeverri},
title = {Docker Stack: Cómo desplegar servicios de Docker Compose en Docker Swarm},
url = {https://thehackerway.es/2021/11/22/docker-stack-como-desplegar-servicios-de-docker-compose-en-docker-swarm/},
year = {2021},
urldate = {2025-05-21},
}

@online{pahoexp,
author = {Python Software Foundation},
title = {Paho MQTT Python Packaging Survey},
url = {https://pypi.org/project/paho-mqtt/},
year = {2025},
urldate = {2025-05-23},
}

@online{kaliimg,
author = {Docker Inc},
title = {Docker Hub: kalilinux/kali-last-release},
url = {https://hub.docker.com/r/kalilinux/kali-last-release},
year = {2025},
urldate = {2025-05-23},
}

@online{mosquittoimg,
author = {Docker Inc},
title = {Docker Hub: eclipse-mosquitto},
url = {https://hub.docker.com/_/eclipse-mosquitto},
year = {2025},
urldate = {2025-05-23},
}

@article{iotthreadsexp,
author    = {Ángel Luis Muñoz Castañeda, José Antonio Aveleira Mata, Héctor Aláiz-Moretón},
title     = {Characterization of threats in IoT from an MQTT protocol-oriented dataset},
journal   = {Complex & Intelligent Systems},
volume    = {9},
number    = {01000},
pages     = {5281 - 5296},
year      = {2023},
doi       = {10.1007/s40747-023-01000-y},
}

@article{lowrateDDoSexp,
author    = {Mustafa Al-Fayoumi, Qasem Abu Al-Haija},
title     = {Capturing low-rate DDoS attack based on MQTT protocol in software Defined-IoT environment},
journal   = {Sciencie Direct Journal},
volume    = {19},
number    = {100316},
pages     = {10},
year      = {2023},
doi       = {10.1016/j.array.2023.100316},
}

@article{ciciomtexp,
author    = {Sajjad Dadkhah, Euclides Carlos Pinto Neto, Raphael Ferreira},
title     = {CICIoMT2024: Attack Vectors in Healthcare devices-A Multi-Protocol Dataset for Assessing IoMT Device Security},
journal   = {Preprints.org},
volume    = {1},
number    = {0898},
pages     = {30},
year      = {2024},
doi       = {10.20944/preprints202402.0898.v1},
}

@online{mqttmalaria,
author = {eTactica},
title = {mqtt-malaria},
url = {https://github.com/etactica/mqtt-malaria},
year = {2021},
urldate = {2025-05-31},
}

@online{mqttsaexp,
author = {Security & Trust},
title = {MQTTSA},
url = {https://github.com/stfbk/mqttsa},
year = {2024},
urldate = {2025-05-31},
}

@online{mitmproxyexp,
author = {Aldo Cortesi, Maximilian Hils, Thomas Kriechbaumer},
title = {mitmproxy: A Free and Open Source Interactive HTTPS Proxy},
url = {https://docs.mitmproxy.org/stable/},
year = {2025},
urldate = {2025-05-31},
}

@online{mqttpwnexp,
author = {Daniel Abeles, Moshe Zioni},
title = {Welcome to MQTT-PWN!},
url = {https://mqtt-pwn.readthedocs.io/en/latest/},
year = {2018},
urldate = {2025-05-31},
}

@online{zeekexp,
author = {Carlos Cilleruelo},
title = {¿Qué es Zeek?},
url = {https://keepcoding.io/blog/que-es-zeek/},
year = {2014},
urldate = {2025-05-31},
}

@online{iotmaclist,
author = {IEEE},
title = {IEEE Registration Authority: Assignments},
url = {https://regauth.standards.ieee.org/standards-ra-web/pub/view.html#registries},
year = {2015},
urldate = {2025-06-01},
}

@online{bcryptexp,
author = {Monika Grigutytė},
title = {What is bcrypt and how does it work?},
url = {https://nordvpn.com/es/blog/what-is-bcrypt/},
year = {2023},
urldate = {2025-06-15},
}

@online{ubuntuimg,
author = { Docker, Inc. },
title = {Docker Hub: Ubuntu image},
url = {https://hub.docker.com/_/ubuntu},
year = {2025},
urldate = {2025-05-31},
}






